\nocite{*}
@online{ros2-understanding-topics,
	author       = {ROS 2 Documentation Team},
	title        = {Understanding ROS2 Topics},
	year         = {2025},
	url          = {https://docs.ros.org/en/humble/Tutorials/Beginner-CLI-Tools/Understanding-ROS2-Topics/Understanding-ROS2-Topics.html},
	organization = {ROS 2 Documentation},
	note         = {[Online; accessed 21-May-2025]}
}

@online{medinagl_robotica,
	author       = {Medina Gil Lamadrid, Jesús Iván},
	title        = {Robotica: Código fuente del proyecto de robótica},
	year         = {2025},
	url          = {https://github.com/IvanMedinaGL/Robotica.git},
	organization = {GitHub},
	note         = {[Código en línea; consultado 21-May-2025]}
}

@online{theconstruct-gazebo-simulation,
	author       = {The Construct},
	title        = {ROS in 5 Minutes: \#28 - Gazebo Simulation},
	year         = {2025},
	url          = {https://www.theconstruct.ai/ros-5-mins-028-gazebo-simulation/},
	note         = {[En línea; consultado: 25-May-2025]}
}

@online{rosdoc,
	author       = {ROS Documentation},
	title        = {What is ROS?},
	year         = {2025},
	url          = {https://wiki.ros.org},
	note         = {[En línea; consultado: 25-May-2025]}
}