@book{saha2010robotics,
	author    = {Subir Kumar Saha},
	title     = {Introducción a la robótica},
	year      = {2010},
	publisher = {McGraw-Hill/Interamericana Editores, S.A. de C.V.},
	address   = {México, D.F.},
	translator = {Thomas W. Bartenbach},
	isbn      = {978-607-15-0313-8},
}
@book{barrientos2007fundamentos,
	author    = {Antonio Barrientos and Luis Felipe Peñín and Carlos Balaguer and Rafael Aracil},
	title     = {Fundamentos de Robótica},
	edition   = {2},
	year      = {2007},
	publisher = {McGraw-Hill/Interamericana de España, S.A.U.},
	address   = {Madrid, España},
	isbn      = {978-84-481-5636-7},
}
@book{corke2023robotics,
	author    = {Peter Corke},
	title     = {Robotics, Vision and Control: Fundamental Algorithms in Python},
	year      = {2023},
	edition   = {3},
	publisher = {Springer},
	isbn      = {978-3-031-06468-5},
	doi       = {10.1007/978-3-031-06469-2},
}
@book{reyes2011matlab,
	author    = {Fernando Reyes Cortés},
	title     = {{MATLAB} Aplicado a Robótica y Mecatrónica},
	year      = {2012},
	publisher = {Alfaomega Grupo Editor},
	address   = {México, D.F.},
	isbn      = {978-607-707-357-4},
}
\documentclass{article}
\begin{document}

\section*{Bibliografía}

\begin{thebibliography}{99}

\bibitem{knuth} 
Knuth, D. E. (1984). 
\textit{The TeXbook}. Addison-Wesley.

\bibitem{lamport} 
Lamport, L. (1994). 
\textit{LaTeX: A Document Preparation System}. Addison-Wesley.

\bibitem{mittelbach} 
Mittelbach, F., & Goossens, M. (2004). 
\textit{The LaTeX Companion} (2nd ed.). Addison-Wesley.

\bibitem{leslie} 
Lamport, L. (1986). 
\textit{Document Preparation System}. Addison-Wesley.

\bibitem{herga} 
HERGA. (2020). 
\textit{¿Qué es un interruptor neumático?}. Recuperado el 14 de febrero de 2025 de \url{https://www.herga.com/news-media/technical-blog-archive/what-is-a-pneumatic-switch-}

\bibitem{kolstad} 
Kolstad, C. (2025). 
\textit{¿Qué es un Transductor de Presión?}. TAMESON. Recuperado el 14 de febrero de 2025 de \url{https://tameson.es/pages/transductores-de-presion-como-funcionan}

\bibitem{peterson} 
Peterson, Z. (2023). 
\textit{Dominando el magnetismo: sensores de efecto Hall y sus aplicaciones para PCB}. Altium. Recuperado el 14 de febrero de 2025 de \url{https://resources.altium.com/es/p/mastering-magnetism-hall-effect-sensors-and-applications-pcbs}

\bibitem{senstar} 
SENSTAR. (s.f.). 
\textit{Sensores de microondas}. Recuperado el 14 de febrero de 2025 de \url{https://senstar.com/es/senstarpedia/sensores-de-microondas/#:~:text=Los%20sensores%20de%20microondas%20utilizan,el%20principio%20del%20efecto%20Doppler}

\bibitem{keyence1} 
KEYENCE. (s.f.). 
\textit{¿Qué es un sensor ultrasónico?}. Recuperado el 14 de febrero de 2025 de \url{https://www.keyence.com.mx/ss/products/sensor/sensorbasics/ultrasonic/info/}

\bibitem{keyence2} 
KEYENCE. (s.f.). 
\textit{¿Qué es un sensor láser de tipo de reconocimiento de “luz recibida”?}. Recuperado el 14 de febrero de 2025 de \url{https://www.keyence.com.mx/ss/products/sensor/sensorbasics/laser_light/info/}

\bibitem{keyence3} 
KEYENCE. (s.f.). 
\textit{¿Qué son los sensores de visión?}. Recuperado el 14 de febrero de 2025 de \url{https://www.keyence.com.mx/ss/products/sensor/sensorbasics/vision/info/}

\bibitem{ridgway} 
Ridgway, J. (2022). 
\textit{¿Qué son los sensores de visión?}. Cognex. Recuperado el 14 de febrero de 2025 de \url{https://www.cognex.com/es-mx/blogs/machine-vision/what-are-vision-sensors}

\bibitem{kumar} 
Kumar Saha, S. (2008). 
\textit{Introducción a la robótica}. McGraw Hill. Recuperado de file:///C:/Users/danie/Downloads/Introduccion_a_la_Robotica_Subir_Kumar_S.pdf

\bibitem{barrientos} 
Barrientos, A. y Peñin, L. (2007). 
\textit{FUNDAMENTOS DE ROBÓTICA 2.a Edición}. McGraw Hill. Recuperado de file:///C:/Users/danie/Downloads/Fundamentos_de_robotica.pdf

\end{thebibliography}

\end{document}
